<?xml version="1.0" encoding="UTF-8"?><collection xmlns="http://www.loc.gov/MARC21/slim"><record><leader>00526nam--2200181-i-4500</leader><controlfield tag="001">000029987</controlfield><controlfield tag="002">20161230</controlfield><controlfield tag="005">20161230201038</controlfield><controlfield tag="008">060222s1000------------r-----000-0-eng-d</controlfield><datafield ind1=" " ind2=" " tag="040"><subfield code="a">IFIN-HH</subfield></datafield><datafield ind1=" " ind2=" " tag="080"><subfield code="a">519.216</subfield></datafield><datafield ind1="1" ind2=" " tag="100"><subfield code="a">Kuznetsov, P.I./S.A.</subfield></datafield><datafield ind1="1" ind2="0" tag="245"><subfield code="a">Non-linear transformations of stochastic processes</subfield><subfield code="c">P.I. Kuznetsov ; R.L. Stratonovich ; V.I. Tikhonov (Eds.)</subfield></datafield><datafield ind1=" " ind2=" " tag="260"><subfield code="a">Oxford,Pergamon Press, 1965</subfield></datafield><datafield ind1=" " ind2=" " tag="300"><subfield code="a">XVI+498P</subfield></datafield><datafield ind1=" " ind2="1" tag="700"><subfield code="a">Tikhonov, V.I</subfield></datafield><datafield ind1=" " ind2=" " tag="852"><subfield code="a">77622</subfield><subfield code="c">519.2</subfield></datafield><datafield ind1=" " ind2=" " tag="CAT"><subfield code="a">Sys</subfield><subfield code="c">20100618</subfield><subfield code="h">111909</subfield></datafield></record></collection>